<?xml version="1.0" encoding="UTF-8"?><collection xmlns="http://www.loc.gov/MARC21/slim"><record><leader>00307nam--2200109-i-4500</leader><controlfield tag="001">000033272</controlfield><controlfield tag="002">20161230</controlfield><controlfield tag="005">20161230201039</controlfield><controlfield tag="008">060222s1000------------r-----000-0-eng-d</controlfield><datafield ind1=" " ind2=" " tag="245"><subfield code="a">Metode si aparate de control nedistructiv al metalelor.cercetare documentara</subfield></datafield><datafield ind1=" " ind2=" " tag="260"><subfield code="a">Bucuresti, I.D.T, 1964. 92p</subfield></datafield><datafield ind1=" " ind2=" " tag="852"><subfield code="a">9662</subfield></datafield></record></collection>